<?xml version="1.0" encoding="UTF-8" standalone="no"?><alto SCHEMAVERSION="4.1" xmlns:xsi="http://www.w3.org/2001/XMLSchema-instance" xsi:schemaLocation="http://www.loc.gov/standards/alto/ns-v4# http://www.loc.gov/standards/alto/v4/alto-4-1.xsd" xmlns="http://www.loc.gov/standards/alto/ns-v4#"><Description><MeasurementUnit>pixel</MeasurementUnit><sourceImageInformation><fileName>blumenbach_anatomie_1805_0048.tif</fileName></sourceImageInformation></Description><Styles><TextStyle FONTFAMILY="Times New Roman" FONTSIZE="10.0" FONTSTYLE="bold" ID="ts1"/><TextStyle FONTFAMILY="Times New Roman" FONTSIZE="10.0" ID="ts2"/><TextStyle FONTFAMILY="Times New Roman" FONTSIZE="8.5" ID="ts3"/><TextStyle FONTFAMILY="Times New Roman" FONTSIZE="7.0" ID="ts4"/><TextStyle FONTFAMILY="Times New Roman" FONTSIZE="9.0" ID="ts5"/><TextStyle FONTFAMILY="Times New Roman" FONTSIZE="11.0" ID="ts6"/><TextStyle FONTFAMILY="Times New Roman" FONTSIZE="11.0" FONTSTYLE="italics" ID="ts7"/><TextStyle FONTFAMILY="Times New Roman" FONTSIZE="9.5" ID="ts8"/><TextStyle FONTFAMILY="Times New Roman" FONTSIZE="9.5" FONTSTYLE="italics" ID="ts9"/><TextStyle FONTFAMILY="Times New Roman" FONTSIZE="8.5" FONTSTYLE="smallcaps" ID="ts10"/></Styles><Tags><OtherTag DESCRIPTION="PAGE XML text region type" ID="tag1" LABEL="page-number"/><OtherTag DESCRIPTION="PAGE XML text region type" ID="tag2" LABEL="header"/><OtherTag DESCRIPTION="PAGE XML text region type" ID="tag3" LABEL="heading"/><OtherTag DESCRIPTION="PAGE XML text region type" ID="tag4" LABEL="paragraph"/><OtherTag DESCRIPTION="PAGE XML text region type" ID="tag5" LABEL="footnote-continued"/></Tags><Layout><Page HEIGHT="2686" ID="p0" PAGECLASS="content" PHYSICAL_IMG_NR="0" WIDTH="1700"><TopMargin HEIGHT="376" HPOS="0" ID="TopMarginTypeID0" VPOS="0" WIDTH="1700"/><LeftMargin HEIGHT="1772" HPOS="0" ID="LeftMarginTypeID0" VPOS="376" WIDTH="630"/><RightMargin HEIGHT="1772" HPOS="1699" ID="RightMarginTypeID0" VPOS="376" WIDTH="3"/><BottomMargin HEIGHT="538" HPOS="0" ID="BottomMarginTypeID0" VPOS="2148" WIDTH="1700"/><PrintSpace HEIGHT="1772" HPOS="630" ID="PageSpaceTypeID0" VPOS="376" WIDTH="1071"><Shape><Polygon POINTS="630,376 1700,376 1700,2147 630,2147"/></Shape><Illustration HEIGHT="36" HPOS="719" ID="r_0_1" TYPE="ImageRegion" VPOS="427" WIDTH="52"><Shape><Polygon POINTS="719,427 770,427 770,462 719,462"/></Shape></Illustration><ComposedBlock HEIGHT="86" HPOS="25" ID="r_200" TYPE="TableRegion" VPOS="475" WIDTH="376"><Shape><Polygon POINTS="25,475 25,560 400,560 400,475"/></Shape><TextBlock HEIGHT="86" HPOS="25" ID="r_200_1" VPOS="475" WIDTH="376"><Shape><Polygon POINTS="25,475 25,560 400,560 400,475"/></Shape><TextLine HEIGHT="86" HPOS="25" ID="tl_200_1" LANG="de" VPOS="475" WIDTH="376"><Shape><Polygon POINTS="25,475 25,560 400,560 400,475"/></Shape><String CONTENT="26" HEIGHT="34" HPOS="720" ID="w_200_1" LANG="de" STYLEREFS="ts2" VPOS="428" WIDTH="50"><Shape><Polygon POINTS="720,428 769,428 769,461 720,461"/></Shape></String></TextLine></TextBlock><TextBlock HEIGHT="86" HPOS="25" ID="r_200_2" IDNEXT="r_2_1" VPOS="475" WIDTH="376"><Shape><Polygon POINTS="25,475 25,560 400,560 400,475"/></Shape><TextLine HEIGHT="86" HPOS="25" ID="tl_200_2" LANG="de" VPOS="475" WIDTH="376"><Shape><Polygon POINTS="25,475 25,560 400,560 400,475"/></Shape><String CONTENT="260000002" HEIGHT="34" HPOS="720" ID="w_200_2" LANG="de" STYLEREFS="ts2" VPOS="428" WIDTH="50"><Shape><Polygon POINTS="720,428 769,428 769,461 720,461"/></Shape></String></TextLine></TextBlock></ComposedBlock><TextBlock HEIGHT="36" HPOS="719" ID="r_1_1" TAGREFS="tag1" VPOS="427" WIDTH="52"><Shape><Polygon POINTS="719,427 770,427 770,462 719,462"/></Shape><TextLine HEIGHT="34" HPOS="720" ID="tl_1_1" LANG="de" STYLEREFS="ts1" VPOS="428" WIDTH="50"><Shape><Polygon POINTS="720,428 769,428 769,461 720,461"/></Shape><String CONTENT="26" HEIGHT="34" HPOS="720" ID="w_w1aab1b1b2b1b1ab1" LANG="de" STYLEREFS="ts2" VPOS="428" WIDTH="50"><Shape><Polygon POINTS="720,428 769,428 769,461 720,461"/></Shape></String></TextLine></TextBlock><TextBlock HEIGHT="33" HPOS="1044" ID="r_2_1" IDNEXT="r_4_1" TAGREFS="tag2" VPOS="442" WIDTH="228"><Shape><Polygon POINTS="1044,442 1271,442 1271,474 1044,474"/></Shape><TextLine HEIGHT="31" HPOS="1045" ID="tl_2" LANG="de" STYLEREFS="ts3" VPOS="443" WIDTH="226"><Shape><Polygon POINTS="1045,443 1270,443 1270,473 1045,473"/></Shape><String CONTENT="II." HEIGHT="26" HPOS="1045" ID="w_w1aab1b3b2b1b1ab1" LANG="de" STYLEREFS="ts3" VPOS="448" WIDTH="40"><Shape><Polygon POINTS="1045,448 1084,448 1084,473 1045,473"/></Shape></String><String CONTENT="Abschnitt." HEIGHT="30" HPOS="1103" ID="w_w1aab1b3b2b1b1ab9" LANG="de" STYLEREFS="ts3" VPOS="443" WIDTH="168"><Shape><Polygon POINTS="1103,443 1270,443 1270,472 1103,472"/></Shape></String></TextLine></TextBlock><TextBlock HEIGHT="41" HPOS="1088" ID="r_4_1" IDNEXT="TextRegion_1477484091387_1" TAGREFS="tag3" VPOS="529" WIDTH="130"><Shape><Polygon POINTS="1088,529 1217,529 1217,569 1088,569"/></Shape><TextLine HEIGHT="39" HPOS="1089" ID="tl_4" LANG="de" VPOS="530" WIDTH="128"><Shape><Polygon POINTS="1089,530 1216,530 1216,568 1089,568"/></Shape><String CONTENT="§." HEIGHT="37" HPOS="1089" ID="w_w1aab1b7b2b1b1ab1" LANG="de" STYLEREFS="ts4" VPOS="530" WIDTH="29"><Shape><Polygon POINTS="1089,530 1117,530 1117,566 1089,566"/></Shape></String><String CONTENT="15." HEIGHT="32" HPOS="1158" ID="word_1476699195280_2" LANG="de" STYLEREFS="ts5" VPOS="534" WIDTH="59"><Shape><Polygon POINTS="1158,534 1202,534 1216,550 1216,558 1202,565 1158,565"/></Shape></String></TextLine></TextBlock><TextBlock HEIGHT="242" HPOS="715" ID="TextRegion_1477484091387_1" IDNEXT="r_4_4" TAGREFS="tag4" VPOS="597" WIDTH="875"><Shape><Polygon POINTS="715,597 1589,597 1589,777 1586,838 1358,838 715,777"/></Shape><TextLine HEIGHT="55" HPOS="790" ID="tl_5" LANG="de" VPOS="598" WIDTH="798"><Shape><Polygon POINTS="790,598 1587,598 1587,652 790,652"/></Shape><String CONTENT="Die" HEIGHT="36" HPOS="790" ID="w_w1aab1b7b2b3b1ab1" LANG="de" STYLEREFS="ts6" VPOS="602" WIDTH="77"><Shape><Polygon POINTS="790,602 866,602 866,637 790,637"/></Shape></String><String CONTENT="eben" HEIGHT="35" HPOS="908" ID="w_w1aab1b7b2b3b1ab9" LANG="de" STYLEREFS="ts6" VPOS="601" WIDTH="94"><Shape><Polygon POINTS="908,601 1001,601 1001,635 908,635"/></Shape></String><String CONTENT="gedachten" HEIGHT="46" HPOS="1043" ID="w_w1aab1b7b2b3b1ac19" LANG="de" STYLEREFS="ts6" VPOS="601" WIDTH="206"><Shape><Polygon POINTS="1043,601 1248,601 1248,646 1043,646"/></Shape></String><String CONTENT="vordern" HEIGHT="50" HPOS="1282" ID="w_w1aab1b7b2b3b1ac39" LANG="de" STYLEREFS="ts6" VPOS="599" WIDTH="162"><Shape><Polygon POINTS="1282,599 1443,599 1443,648 1282,648"/></Shape></String><String CONTENT="fora-" HEIGHT="50" HPOS="1475" ID="w_w1aab1b7b2b3b1b1b1" LANG="de" STYLEREFS="ts7" VPOS="599" WIDTH="113"><Shape><Polygon POINTS="1475,599 1587,599 1587,648 1475,648"/></Shape></String></TextLine><TextLine HEIGHT="54" HPOS="716" ID="tl_6" LANG="de" VPOS="661" WIDTH="873"><Shape><Polygon POINTS="716,661 1588,661 1588,714 716,714"/></Shape><String CONTENT="mina" HEIGHT="35" HPOS="716" ID="w_w1aab1b7b2b3b3ab1" LANG="de" STYLEREFS="ts7" VPOS="669" WIDTH="100"><Shape><Polygon POINTS="716,669 815,669 815,703 716,703"/></Shape></String><String CONTENT="palatina" HEIGHT="48" HPOS="852" ID="w_w1aab1b7b2b3b3ac13" LANG="de" STYLEREFS="ts7" VPOS="664" WIDTH="165"><Shape><Polygon POINTS="852,664 1016,664 1016,711 852,711"/></Shape></String><String CONTENT="(oder" HEIGHT="45" HPOS="1051" ID="w_w1aab1b7b2b3b3b1b3" LANG="de" STYLEREFS="ts6" VPOS="663" WIDTH="110"><Shape><Polygon POINTS="1051,663 1160,663 1160,707 1051,707"/></Shape></String><String CONTENT="incisiua)" HEIGHT="44" HPOS="1196" ID="w_w1aab1b7b2b3b3b2b1" LANG="de" STYLEREFS="ts7" VPOS="666" WIDTH="163"><Shape><Polygon POINTS="1196,666 1358,666 1358,709 1196,709"/></Shape></String><String CONTENT="sind" HEIGHT="37" HPOS="1393" ID="w_w1aab1b7b2b3b3b3b3" LANG="de" STYLEREFS="ts6" VPOS="663" WIDTH="89"><Shape><Polygon POINTS="1393,663 1481,663 1481,699 1393,699"/></Shape></String><String CONTENT="bey" HEIGHT="46" HPOS="1514" ID="w_w1aab1b7b2b3b3b4b1" LANG="en" STYLEREFS="ts6" VPOS="665" WIDTH="75"><Shape><Polygon POINTS="1514,665 1588,665 1588,710 1514,710"/></Shape></String></TextLine><TextLine HEIGHT="53" HPOS="717" ID="tl_7" LANG="de" VPOS="724" WIDTH="872"><Shape><Polygon POINTS="717,724 1588,724 1588,776 717,776"/></Shape><String CONTENT="den" HEIGHT="33" HPOS="717" ID="w_w1aab1b7b2b3b5ab1" LANG="de" STYLEREFS="ts6" VPOS="732" WIDTH="75"><Shape><Polygon POINTS="717,732 791,732 791,764 717,764"/></Shape></String><String CONTENT="mehrsten" HEIGHT="36" HPOS="805" ID="w_w1aab1b7b2b3b5ab9" LANG="de" STYLEREFS="ts6" VPOS="728" WIDTH="193"><Shape><Polygon POINTS="805,728 997,728 997,763 805,763"/></Shape></String><String CONTENT="Säugethieren," HEIGHT="49" HPOS="1016" ID="w_w1aab1b7b2b3b5ac27" LANG="de" STYLEREFS="ts6" VPOS="726" WIDTH="282"><Shape><Polygon POINTS="1016,726 1297,726 1297,774 1016,774"/></Shape></String><String CONTENT="so" HEIGHT="22" HPOS="1312" ID="w_w1aab1b7b2b3b5ac55" LANG="de" STYLEREFS="ts6" VPOS="741" WIDTH="43"><Shape><Polygon POINTS="1312,741 1354,741 1354,762 1312,762"/></Shape></String><String CONTENT="wie" HEIGHT="36" HPOS="1378" ID="w_w1aab1b7b2b3b5ac61" LANG="de" STYLEREFS="ts6" VPOS="728" WIDTH="74"><Shape><Polygon POINTS="1378,728 1451,728 1451,763 1378,763"/></Shape></String><String CONTENT="beym" HEIGHT="45" HPOS="1474" ID="w_w1aab1b7b2b3b5b1b1" LANG="en" STYLEREFS="ts6" VPOS="728" WIDTH="115"><Shape><Polygon POINTS="1474,728 1588,728 1588,772 1474,772"/></Shape></String></TextLine><TextLine HEIGHT="46" HPOS="1359" ID="tl_8" LANG="de" STYLEREFS="ts6" VPOS="792" WIDTH="227"><Shape><Polygon POINTS="1359,792 1585,792 1585,837 1359,837"/></Shape><String CONTENT="Menschen," HEIGHT="44" HPOS="1359" ID="w_w1aab1b7b2b5b1ab1" LANG="de" STYLEREFS="ts6" VPOS="793" WIDTH="227"><Shape><Polygon POINTS="1359,793 1585,793 1585,836 1359,836"/></Shape></String></TextLine></TextBlock><TextBlock HEIGHT="325" HPOS="824" ID="r_4_4" IDNEXT="r_4_5" TAGREFS="tag5" VPOS="908" WIDTH="762"><Shape><Polygon POINTS="824,908 1585,908 1585,1232 824,1232"/></Shape><TextLine HEIGHT="49" HPOS="830" ID="tl_9" LANG="de" VPOS="909" WIDTH="755"><Shape><Polygon POINTS="830,909 1584,909 1584,957 830,957"/></Shape><String CONTENT="Man" HEIGHT="32" HPOS="830" ID="w_w1aab1b7b2b7b1ab1" LANG="de" STYLEREFS="ts8" VPOS="916" WIDTH="81"><Shape><Polygon POINTS="830,916 910,916 910,947 830,947"/></Shape></String><String CONTENT="müſste" HEIGHT="33" HPOS="928" ID="w_w1aab1b7b2b7b1ab9" LANG="de" STYLEREFS="ts8" VPOS="912" WIDTH="114"><Shape><Polygon POINTS="928,912 1041,912 1041,944 928,944"/></Shape></String><String CONTENT="denn" HEIGHT="31" HPOS="1059" ID="w_w1aab1b7b2b7b1ac23" LANG="de" STYLEREFS="ts8" VPOS="911" WIDTH="89"><Shape><Polygon POINTS="1059,911 1147,911 1147,941 1059,941"/></Shape></String><String CONTENT="annehmen," HEIGHT="38" HPOS="1164" ID="w_w1aab1b7b2b7b1b1b1" LANG="en" STYLEREFS="ts8" VPOS="910" WIDTH="196"><Shape><Polygon POINTS="1164,910 1359,910 1359,947 1164,947"/></Shape></String><String CONTENT="daſs" HEIGHT="32" HPOS="1383" ID="w_w1aab1b7b2b7b1b2b1" LANG="de" STYLEREFS="ts8" VPOS="910" WIDTH="67"><Shape><Polygon POINTS="1383,910 1449,910 1449,941 1383,941"/></Shape></String><String CONTENT="er" HEIGHT="32" HPOS="1469" ID="w_w1aab1b7b2b7b1b2c11" LANG="de" STYLEREFS="ts8" VPOS="912" WIDTH="35"><Shape><Polygon POINTS="1469,912 1503,912 1503,943 1469,943"/></Shape></String><String CONTENT="bey" HEIGHT="42" HPOS="1521" ID="w_w1aab1b7b2b7b1b3b1" LANG="en" STYLEREFS="ts8" VPOS="912" WIDTH="64"><Shape><Polygon POINTS="1521,912 1584,912 1584,953 1521,953"/></Shape></String></TextLine><TextLine HEIGHT="38" HPOS="830" ID="tl_10" LANG="de" VPOS="967" WIDTH="751"><Shape><Polygon POINTS="830,967 1580,967 1580,1004 830,1004"/></Shape><String CONTENT="allen" HEIGHT="31" HPOS="830" ID="w_w1aab1b7b2b7b3ab1" LANG="de" STYLEREFS="ts8" VPOS="974" WIDTH="86"><Shape><Polygon POINTS="830,974 915,974 915,1004 830,1004"/></Shape></String><String CONTENT="diesen" HEIGHT="33" HPOS="937" ID="w_w1aab1b7b2b7b3ac13" LANG="de" STYLEREFS="ts8" VPOS="969" WIDTH="113"><Shape><Polygon POINTS="937,969 1049,969 1049,1001 937,1001"/></Shape></String><String CONTENT="Thieren" HEIGHT="32" HPOS="1059" ID="w_w1aab1b7b2b7b3b1b1" LANG="en" STYLEREFS="ts8" VPOS="969" WIDTH="147"><Shape><Polygon POINTS="1059,969 1205,969 1205,1000 1059,1000"/></Shape></String><String CONTENT="schon" HEIGHT="33" HPOS="1221" ID="w_w1aab1b7b2b7b3b2b1" LANG="de" STYLEREFS="ts8" VPOS="968" WIDTH="104"><Shape><Polygon POINTS="1221,968 1324,968 1324,1000 1221,1000"/></Shape></String><String CONTENT="in" HEIGHT="30" HPOS="1345" ID="w_w1aab1b7b2b7b3b2c13" LANG="de" STYLEREFS="ts8" VPOS="969" WIDTH="36"><Shape><Polygon POINTS="1345,969 1380,969 1380,998 1345,998"/></Shape></String><String CONTENT="ihrem" HEIGHT="31" HPOS="1396" ID="w_w1aab1b7b2b7b3b2c19" LANG="de" STYLEREFS="ts8" VPOS="968" WIDTH="107"><Shape><Polygon POINTS="1396,968 1502,968 1502,998 1396,998"/></Shape></String><String CONTENT="un-" HEIGHT="20" HPOS="1520" ID="w_w1aab1b7b2b7b3b2c31" LANG="de" STYLEREFS="ts8" VPOS="980" WIDTH="61"><Shape><Polygon POINTS="1520,980 1580,980 1580,999 1520,999"/></Shape></String></TextLine><TextLine HEIGHT="44" HPOS="829" ID="tl_11" LANG="de" STYLEREFS="ts8" VPOS="1024" WIDTH="753"><Shape><Polygon POINTS="829,1024 1581,1024 1581,1067 829,1067"/></Shape><String CONTENT="reifen" HEIGHT="33" HPOS="829" ID="w_w1aab1b7b2b7b5ab1" LANG="de" STYLEREFS="ts8" VPOS="1029" WIDTH="107"><Shape><Polygon POINTS="829,1029 935,1029 935,1061 829,1061"/></Shape></String><String CONTENT="Alter" HEIGHT="30" HPOS="976" ID="w_w1aab1b7b2b7b5ac15" LANG="de" STYLEREFS="ts8" VPOS="1028" WIDTH="90"><Shape><Polygon POINTS="976,1028 1065,1028 1065,1057 976,1057"/></Shape></String><String CONTENT="ganz" HEIGHT="30" HPOS="1105" ID="w_w1aab1b7b2b7b5ac27" LANG="de" STYLEREFS="ts8" VPOS="1036" WIDTH="82"><Shape><Polygon POINTS="1105,1036 1186,1036 1186,1065 1105,1065"/></Shape></String><String CONTENT="verwachsen" HEIGHT="31" HPOS="1228" ID="w_w1aab1b7b2b7b5ac37" LANG="de" STYLEREFS="ts8" VPOS="1025" WIDTH="211"><Shape><Polygon POINTS="1228,1025 1438,1025 1438,1055 1228,1055"/></Shape></String><String CONTENT="wäre," HEIGHT="33" HPOS="1481" ID="w_w1aab1b7b2b7b5ac59" LANG="de" STYLEREFS="ts8" VPOS="1029" WIDTH="101"><Shape><Polygon POINTS="1481,1029 1581,1029 1581,1061 1481,1061"/></Shape></String></TextLine><TextLine HEIGHT="48" HPOS="829" ID="tl_12" LANG="de" STYLEREFS="ts8" VPOS="1080" WIDTH="753"><Shape><Polygon POINTS="829,1080 1581,1080 1581,1127 829,1127"/></Shape><String CONTENT="wenn" HEIGHT="23" HPOS="829" ID="w_w1aab1b7b2b7b7ab1" LANG="de" STYLEREFS="ts8" VPOS="1097" WIDTH="101"><Shape><Polygon POINTS="829,1097 929,1097 929,1119 829,1119"/></Shape></String><String CONTENT="gleich" HEIGHT="44" HPOS="946" ID="w_w1aab1b7b2b7b7ac11" LANG="de" STYLEREFS="ts8" VPOS="1083" WIDTH="108"><Shape><Polygon POINTS="946,1083 1053,1083 1053,1126 946,1126"/></Shape></String><String CONTENT="die" HEIGHT="31" HPOS="1066" ID="w_w1aab1b7b2b7b7ac25" LANG="de" STYLEREFS="ts8" VPOS="1082" WIDTH="54"><Shape><Polygon POINTS="1066,1082 1119,1082 1119,1112 1066,1112"/></Shape></String><String CONTENT="übrigen" HEIGHT="41" HPOS="1139" ID="w_w1aab1b7b2b7b7ac33" LANG="de" STYLEREFS="ts8" VPOS="1082" WIDTH="138"><Shape><Polygon POINTS="1139,1082 1276,1082 1276,1122 1139,1122"/></Shape></String><String CONTENT="Schedelknochen" HEIGHT="34" HPOS="1291" ID="w_w1aab1b7b2b7b7ac49" LANG="de" STYLEREFS="ts8" VPOS="1080" WIDTH="291"><Shape><Polygon POINTS="1291,1080 1581,1080 1581,1113 1291,1113"/></Shape></String></TextLine><TextLine HEIGHT="39" HPOS="828" ID="tl_13" LANG="de" STYLEREFS="ts8" VPOS="1138" WIDTH="754"><Shape><Polygon POINTS="828,1138 1581,1138 1581,1176 828,1176"/></Shape><String CONTENT="noch" HEIGHT="32" HPOS="828" ID="w_w1aab1b7b2b7b9ab1" LANG="de" STYLEREFS="ts8" VPOS="1145" WIDTH="88"><Shape><Polygon POINTS="828,1145 915,1145 915,1176 828,1176"/></Shape></String><String CONTENT="aufs" HEIGHT="33" HPOS="939" ID="w_w1aab1b7b2b7b9ac11" LANG="de" STYLEREFS="ts8" VPOS="1141" WIDTH="73"><Shape><Polygon POINTS="939,1141 1011,1141 1011,1173 939,1173"/></Shape></String><String CONTENT="deutlichste" HEIGHT="32" HPOS="1034" ID="w_w1aab1b7b2b7b9ac21" LANG="de" STYLEREFS="ts8" VPOS="1140" WIDTH="194"><Shape><Polygon POINTS="1034,1140 1227,1140 1227,1171 1034,1171"/></Shape></String><String CONTENT="ihre" HEIGHT="32" HPOS="1261" ID="w_w1aab1b7b2b7b9ac45" LANG="de" STYLEREFS="ts8" VPOS="1139" WIDTH="71"><Shape><Polygon POINTS="1261,1139 1331,1139 1331,1170 1261,1170"/></Shape></String><String CONTENT="Suturen" HEIGHT="31" HPOS="1361" ID="w_w1aab1b7b2b7b9ac55" LANG="de" STYLEREFS="ts8" VPOS="1139" WIDTH="144"><Shape><Polygon POINTS="1361,1139 1504,1139 1504,1169 1361,1169"/></Shape></String><String CONTENT="er-" HEIGHT="22" HPOS="1533" ID="w_w1aab1b7b2b7b9ac71" LANG="de" STYLEREFS="ts8" VPOS="1148" WIDTH="49"><Shape><Polygon POINTS="1533,1148 1581,1148 1581,1169 1533,1169"/></Shape></String></TextLine><TextLine HEIGHT="35" HPOS="825" ID="tl_14" LANG="de" STYLEREFS="ts8" VPOS="1197" WIDTH="255"><Shape><Polygon POINTS="825,1197 1079,1197 1079,1231 825,1231"/></Shape><String CONTENT="halten" HEIGHT="31" HPOS="825" ID="w_w1aab1b7b2b7c11ab1" LANG="de" STYLEREFS="ts8" VPOS="1201" WIDTH="111"><Shape><Polygon POINTS="825,1201 935,1201 935,1231 825,1231"/></Shape></String><String CONTENT="hätten." HEIGHT="29" HPOS="956" ID="w_w1aab1b7b2b7c11ac15" LANG="de" STYLEREFS="ts8" VPOS="1198" WIDTH="124"><Shape><Polygon POINTS="956,1198 1079,1198 1079,1226 956,1226"/></Shape></String></TextLine></TextBlock><TextBlock HEIGHT="896" HPOS="805" ID="r_4_5" TAGREFS="tag5" VPOS="1247" WIDTH="774"><Shape><Polygon POINTS="805,1247 1578,1247 1578,2142 805,2142"/></Shape><TextLine HEIGHT="46" HPOS="882" ID="tl_15" LANG="de" VPOS="1248" WIDTH="696"><Shape><Polygon POINTS="882,1248 1577,1248 1577,1293 882,1293"/></Shape><String CONTENT="Auch" HEIGHT="33" HPOS="882" ID="w_w1aab1b7b2b9b1ab1" LANG="de" STYLEREFS="ts8" VPOS="1253" WIDTH="98"><Shape><Polygon POINTS="882,1253 979,1253 979,1285 882,1285"/></Shape></String><String CONTENT="bey" HEIGHT="38" HPOS="995" ID="w_w1aab1b7b2b9b1b1b1" LANG="en" STYLEREFS="ts8" VPOS="1253" WIDTH="65"><Shape><Polygon POINTS="995,1253 1059,1253 1059,1290 995,1290"/></Shape></String><String CONTENT="verschiednen" HEIGHT="32" HPOS="1079" ID="w_w1aab1b7b2b9b1b2b1" LANG="de" STYLEREFS="ts8" VPOS="1249" WIDTH="237"><Shape><Polygon POINTS="1079,1249 1315,1249 1315,1280 1079,1280"/></Shape></String><String CONTENT="Säugethieren" HEIGHT="43" HPOS="1340" ID="w_w1aab1b7b2b9b1b2c27" LANG="de" STYLEREFS="ts8" VPOS="1249" WIDTH="238"><Shape><Polygon POINTS="1340,1249 1577,1249 1577,1291 1340,1291"/></Shape></String></TextLine><TextLine HEIGHT="44" HPOS="825" ID="tl_16" LANG="de" STYLEREFS="ts8" VPOS="1305" WIDTH="752"><Shape><Polygon POINTS="825,1305 1576,1305 1576,1348 825,1348"/></Shape><String CONTENT="aus" HEIGHT="22" HPOS="825" ID="w_w1aab1b7b2b9b3ab1" LANG="de" STYLEREFS="ts8" VPOS="1323" WIDTH="56"><Shape><Polygon POINTS="825,1323 880,1323 880,1344 825,1344"/></Shape></String><String CONTENT="andern" HEIGHT="31" HPOS="906" ID="w_w1aab1b7b2b9b3ab9" LANG="de" STYLEREFS="ts8" VPOS="1310" WIDTH="124"><Shape><Polygon POINTS="906,1310 1029,1310 1029,1340 906,1340"/></Shape></String><String CONTENT="Ordnungen" HEIGHT="40" HPOS="1041" ID="w_w1aab1b7b2b9b3ac23" LANG="de" STYLEREFS="ts8" VPOS="1307" WIDTH="204"><Shape><Polygon POINTS="1041,1307 1244,1307 1244,1346 1041,1346"/></Shape></String><String CONTENT="," HEIGHT="13" HPOS="1256" ID="w_w1aab1b7b2b9b3ac43" LANG="de" STYLEREFS="ts8" VPOS="1329" WIDTH="9"><Shape><Polygon POINTS="1256,1329 1264,1329 1264,1341 1256,1341"/></Shape></String><String CONTENT="namentlich" HEIGHT="31" HPOS="1282" ID="w_w1aab1b7b2b9b3ac47" LANG="de" STYLEREFS="ts8" VPOS="1308" WIDTH="202"><Shape><Polygon POINTS="1282,1308 1483,1308 1483,1338 1282,1338"/></Shape></String><String CONTENT="dem" HEIGHT="31" HPOS="1499" ID="w_w1aab1b7b2b9b3ac69" LANG="de" STYLEREFS="ts8" VPOS="1307" WIDTH="78"><Shape><Polygon POINTS="1499,1307 1576,1307 1576,1337 1499,1337"/></Shape></String></TextLine><TextLine HEIGHT="51" HPOS="823" ID="tl_17" LANG="de" VPOS="1360" WIDTH="753"><Shape><Polygon POINTS="823,1360 1575,1360 1575,1410 823,1410"/></Shape><String CONTENT="Bradypus" HEIGHT="43" HPOS="823" ID="w_w1aab1b7b2b9b5ab1" LANG="de" STYLEREFS="ts9" VPOS="1367" WIDTH="180"><Shape><Polygon POINTS="823,1367 1002,1367 1002,1409 823,1409"/></Shape></String><String CONTENT="tridactylus" HEIGHT="43" HPOS="1034" ID="w_w1aab1b7b2b9b5ac19" LANG="de" STYLEREFS="ts9" VPOS="1362" WIDTH="199"><Shape><Polygon POINTS="1034,1362 1232,1362 1232,1404 1034,1404"/></Shape></String><String CONTENT="und" HEIGHT="31" HPOS="1267" ID="w_w1aab1b7b2b9b5b1b3" LANG="de" STYLEREFS="ts8" VPOS="1364" WIDTH="67"><Shape><Polygon POINTS="1267,1364 1333,1364 1333,1394 1267,1394"/></Shape></String><String CONTENT="Vespertilio" HEIGHT="39" HPOS="1375" ID="w_w1aab1b7b2b9b5b2b1" LANG="de" STYLEREFS="ts9" VPOS="1363" WIDTH="201"><Shape><Polygon POINTS="1375,1363 1575,1363 1575,1401 1375,1401"/></Shape></String></TextLine><TextLine HEIGHT="52" HPOS="823" ID="tl_18" LANG="de" VPOS="1418" WIDTH="754"><Shape><Polygon POINTS="823,1418 1576,1418 1576,1469 823,1469"/></Shape><String CONTENT="ferrum" HEIGHT="48" HPOS="823" ID="w_w1aab1b7b2b9b7ab1" LANG="de" STYLEREFS="ts9" VPOS="1422" WIDTH="128"><Shape><Polygon POINTS="823,1422 950,1422 950,1469 823,1469"/></Shape></String><String CONTENT="equinum," HEIGHT="43" HPOS="970" ID="w_w1aab1b7b2b9b7ac15" LANG="de" STYLEREFS="ts9" VPOS="1421" WIDTH="170"><Shape><Polygon POINTS="970,1421 1139,1421 1139,1463 970,1463"/></Shape></String><String CONTENT="konnte" HEIGHT="30" HPOS="1163" ID="w_w1aab1b7b2b9b7b1b3" LANG="de" STYLEREFS="ts8" VPOS="1421" WIDTH="125"><Shape><Polygon POINTS="1163,1421 1287,1421 1287,1450 1163,1450"/></Shape></String><String CONTENT="Herr" HEIGHT="31" HPOS="1303" ID="w_w1aab1b7b2b9b7b1c17" LANG="de" STYLEREFS="ts8" VPOS="1421" WIDTH="85"><Shape><Polygon POINTS="1303,1421 1387,1421 1387,1451 1303,1451"/></Shape></String><String CONTENT="Bibliothe-" HEIGHT="33" HPOS="1399" ID="w_w1aab1b7b2b9b7b1c27" LANG="de" STYLEREFS="ts8" VPOS="1420" WIDTH="178"><Shape><Polygon POINTS="1399,1420 1576,1420 1576,1452 1399,1452"/></Shape></String></TextLine><TextLine HEIGHT="46" HPOS="821" ID="tl_19" LANG="de" VPOS="1474" WIDTH="754"><Shape><Polygon POINTS="821,1474 1574,1474 1574,1519 821,1519"/></Shape><String CONTENT="kar" HEIGHT="34" HPOS="821" ID="w_w1aab1b7b2b9b9ab1" LANG="de" STYLEREFS="ts8" VPOS="1481" WIDTH="58"><Shape><Polygon POINTS="821,1481 878,1481 878,1514 821,1514"/></Shape></String><String CONTENT="FISCHER" HEIGHT="33" HPOS="901" ID="w_w1aab1b7b2b9b9b1b1" LANG="de" STYLEREFS="ts10" VPOS="1479" WIDTH="147"><Shape><Polygon POINTS="901,1479 1047,1479 1047,1511 901,1511"/></Shape></String><String CONTENT="keine" HEIGHT="32" HPOS="1070" ID="w_w1aab1b7b2b9b9b2b1" LANG="de" STYLEREFS="ts8" VPOS="1477" WIDTH="97"><Shape><Polygon POINTS="1070,1477 1166,1477 1166,1508 1070,1508"/></Shape></String><String CONTENT="Spur" HEIGHT="42" HPOS="1189" ID="w_w1aab1b7b2b9b9b2c13" LANG="de" STYLEREFS="ts8" VPOS="1476" WIDTH="85"><Shape><Polygon POINTS="1189,1476 1273,1476 1273,1517 1189,1517"/></Shape></String><String CONTENT="des" HEIGHT="32" HPOS="1293" ID="w_w1aab1b7b2b9b9b2c23" LANG="de" STYLEREFS="ts8" VPOS="1476" WIDTH="56"><Shape><Polygon POINTS="1293,1476 1348,1476 1348,1507 1293,1507"/></Shape></String><String CONTENT="Intermaxil-" HEIGHT="30" HPOS="1372" ID="w_w1aab1b7b2b9b9b2c31" LANG="de" STYLEREFS="ts8" VPOS="1477" WIDTH="203"><Shape><Polygon POINTS="1372,1477 1574,1477 1574,1506 1372,1506"/></Shape></String></TextLine><TextLine HEIGHT="40" HPOS="821" ID="tl_20" LANG="de" VPOS="1532" WIDTH="753"><Shape><Polygon POINTS="821,1532 1573,1532 1573,1571 821,1571"/></Shape><String CONTENT="lar-" HEIGHT="30" HPOS="821" ID="w_w1aab1b7b2b9c11ab1" LANG="de" STYLEREFS="ts8" VPOS="1542" WIDTH="65"><Shape><Polygon POINTS="821,1542 885,1542 885,1571 821,1571"/></Shape></String><String CONTENT="Knochen" HEIGHT="33" HPOS="900" ID="w_w1aab1b7b2b9c11ac11" LANG="de" STYLEREFS="ts8" VPOS="1538" WIDTH="157"><Shape><Polygon POINTS="900,1538 1056,1538 1056,1570 900,1570"/></Shape></String><String CONTENT="auffinden." HEIGHT="33" HPOS="1079" ID="w_w1aab1b7b2b9c11b1b1" LANG="en" STYLEREFS="ts8" VPOS="1534" WIDTH="181"><Shape><Polygon POINTS="1079,1534 1259,1534 1259,1566 1079,1566"/></Shape></String><String CONTENT="s." HEIGHT="21" HPOS="1310" ID="w_w1aab1b7b2b9c11b2b1" LANG="de" STYLEREFS="ts8" VPOS="1545" WIDTH="25"><Shape><Polygon POINTS="1310,1545 1334,1545 1334,1565 1310,1565"/></Shape></String><String CONTENT="Dess." HEIGHT="33" HPOS="1366" ID="w_w1aab1b7b2b9c11b2b7" LANG="de" STYLEREFS="ts8" VPOS="1534" WIDTH="93"><Shape><Polygon POINTS="1366,1534 1458,1534 1458,1566 1366,1566"/></Shape></String><String CONTENT="oben" HEIGHT="32" HPOS="1487" ID="w_w1aab1b7b2b9c11b2c19" LANG="de" STYLEREFS="ts8" VPOS="1534" WIDTH="87"><Shape><Polygon POINTS="1487,1534 1573,1534 1573,1565 1487,1565"/></Shape></String></TextLine><TextLine HEIGHT="52" HPOS="819" ID="tl_21" LANG="de" STYLEREFS="ts8" VPOS="1589" WIDTH="754"><Shape><Polygon POINTS="819,1589 1572,1589 1572,1640 819,1640"/></Shape><String CONTENT="angeführte" HEIGHT="45" HPOS="819" ID="w_w1aab1b7b2b9c13ab1" LANG="de" STYLEREFS="ts8" VPOS="1595" WIDTH="196"><Shape><Polygon POINTS="819,1595 1014,1595 1014,1639 819,1639"/></Shape></String><String CONTENT="meisterhafte" HEIGHT="36" HPOS="1036" ID="w_w1aab1b7b2b9c13ac23" LANG="de" STYLEREFS="ts8" VPOS="1590" WIDTH="225"><Shape><Polygon POINTS="1036,1590 1260,1590 1260,1625 1036,1625"/></Shape></String><String CONTENT="Monographie" HEIGHT="43" HPOS="1278" ID="w_w1aab1b7b2b9c13ac49" LANG="de" STYLEREFS="ts8" VPOS="1590" WIDTH="239"><Shape><Polygon POINTS="1278,1590 1516,1590 1516,1632 1278,1632"/></Shape></String><String CONTENT="S." HEIGHT="32" HPOS="1539" ID="w_w1aab1b7b2b9c13ac73" LANG="de" STYLEREFS="ts8" VPOS="1591" WIDTH="34"><Shape><Polygon POINTS="1539,1591 1572,1591 1572,1622 1539,1622"/></Shape></String></TextLine><TextLine HEIGHT="48" HPOS="822" ID="tl_22" LANG="de" VPOS="1647" WIDTH="753"><Shape><Polygon POINTS="822,1647 1574,1647 1574,1694 822,1694"/></Shape><String CONTENT="47." HEIGHT="29" HPOS="822" ID="w_w1aab1b7b2b9c15ab1" LANG="de" STYLEREFS="ts8" VPOS="1666" WIDTH="52"><Shape><Polygon POINTS="822,1666 873,1666 873,1694 822,1694"/></Shape></String><String CONTENT="89." HEIGHT="36" HPOS="892" ID="w_w1aab1b7b2b9c15ab9" LANG="de" STYLEREFS="ts8" VPOS="1658" WIDTH="51"><Shape><Polygon POINTS="892,1658 942,1658 942,1693 892,1693"/></Shape></String><String CONTENT="Doch" HEIGHT="40" HPOS="987" ID="w_w1aab1b7b2b9c15ac17" LANG="de" STYLEREFS="ts8" VPOS="1652" WIDTH="94"><Shape><Polygon POINTS="987,1652 1080,1652 1080,1691 987,1691"/></Shape></String><String CONTENT="giebt" HEIGHT="40" HPOS="1104" ID="w_w1aab1b7b2b9c15b1b1" LANG="en" STYLEREFS="ts8" VPOS="1652" WIDTH="89"><Shape><Polygon POINTS="1104,1652 1192,1652 1192,1691 1104,1691"/></Shape></String><String CONTENT="er" HEIGHT="21" HPOS="1219" ID="w_w1aab1b7b2b9c15b2b1" LANG="de" STYLEREFS="ts8" VPOS="1659" WIDTH="35"><Shape><Polygon POINTS="1219,1659 1253,1659 1253,1679 1219,1679"/></Shape></String><String CONTENT="selbst" HEIGHT="29" HPOS="1275" ID="w_w1aab1b7b2b9c15b2b7" LANG="de" STYLEREFS="ts8" VPOS="1649" WIDTH="102"><Shape><Polygon POINTS="1275,1649 1376,1649 1376,1677 1275,1677"/></Shape></String><String CONTENT="die" HEIGHT="29" HPOS="1399" ID="w_w1aab1b7b2b9c15b2c21" LANG="de" STYLEREFS="ts8" VPOS="1647" WIDTH="54"><Shape><Polygon POINTS="1399,1647 1452,1647 1452,1675 1399,1675"/></Shape></String><String CONTENT="Mög-" HEIGHT="41" HPOS="1479" ID="w_w1aab1b7b2b9c15b2c29" LANG="de" STYLEREFS="ts8" VPOS="1647" WIDTH="96"><Shape><Polygon POINTS="1479,1647 1574,1647 1574,1687 1479,1687"/></Shape></String></TextLine><TextLine HEIGHT="45" HPOS="819" ID="tl_23" LANG="de" VPOS="1703" WIDTH="753"><Shape><Polygon POINTS="819,1703 1571,1703 1571,1747 819,1747"/></Shape><String CONTENT="lichkeit" HEIGHT="32" HPOS="819" ID="w_w1aab1b7b2b9c17ab1" LANG="de" STYLEREFS="ts8" VPOS="1712" WIDTH="133"><Shape><Polygon POINTS="819,1712 951,1712 951,1743 819,1743"/></Shape></String><String CONTENT="zu," HEIGHT="25" HPOS="970" ID="w_w1aab1b7b2b9c17ac19" LANG="de" STYLEREFS="ts8" VPOS="1720" WIDTH="61"><Shape><Polygon POINTS="970,1720 1030,1720 1030,1744 970,1744"/></Shape></String><String CONTENT="daſs" HEIGHT="30" HPOS="1053" ID="w_w1aab1b7b2b9c17ac27" LANG="de" STYLEREFS="ts8" VPOS="1707" WIDTH="68"><Shape><Polygon POINTS="1053,1707 1120,1707 1120,1736 1053,1736"/></Shape></String><String CONTENT="wenigstens" HEIGHT="41" HPOS="1144" ID="w_w1aab1b7b2b9c17ac37" LANG="de" STYLEREFS="ts8" VPOS="1704" WIDTH="202"><Shape><Polygon POINTS="1144,1704 1345,1704 1345,1744 1144,1744"/></Shape></String><String CONTENT="beym" HEIGHT="41" HPOS="1367" ID="w_w1aab1b7b2b9c17b1b1" LANG="en" STYLEREFS="ts8" VPOS="1703" WIDTH="97"><Shape><Polygon POINTS="1367,1703 1463,1703 1463,1743 1367,1743"/></Shape></String><String CONTENT="Faul-" HEIGHT="31" HPOS="1482" ID="w_w1aab1b7b2b9c17b2b1" LANG="de" STYLEREFS="ts8" VPOS="1703" WIDTH="90"><Shape><Polygon POINTS="1482,1703 1571,1703 1571,1733 1482,1733"/></Shape></String></TextLine><TextLine HEIGHT="48" HPOS="819" ID="tl_24" LANG="de" STYLEREFS="ts8" VPOS="1758" WIDTH="751"><Shape><Polygon POINTS="819,1758 1569,1758 1569,1805 819,1805"/></Shape><String CONTENT="thier" HEIGHT="31" HPOS="819" ID="w_w1aab1b7b2b9c19ab1" LANG="de" STYLEREFS="ts8" VPOS="1768" WIDTH="87"><Shape><Polygon POINTS="819,1768 905,1768 905,1798 819,1798"/></Shape></String><String CONTENT="jener" HEIGHT="37" HPOS="937" ID="w_w1aab1b7b2b9c19ac13" LANG="de" STYLEREFS="ts8" VPOS="1768" WIDTH="92"><Shape><Polygon POINTS="937,1768 1028,1768 1028,1804 937,1804"/></Shape></String><String CONTENT="Knochen" HEIGHT="31" HPOS="1057" ID="w_w1aab1b7b2b9c19ac25" LANG="de" STYLEREFS="ts8" VPOS="1763" WIDTH="164"><Shape><Polygon POINTS="1057,1763 1220,1763 1220,1793 1057,1793"/></Shape></String><String CONTENT="loſsgestoſsen" HEIGHT="43" HPOS="1247" ID="w_w1aab1b7b2b9c19ac41" LANG="de" STYLEREFS="ts8" VPOS="1759" WIDTH="225"><Shape><Polygon POINTS="1247,1759 1471,1759 1471,1801 1247,1801"/></Shape></String><String CONTENT="und" HEIGHT="31" HPOS="1500" ID="w_w1aab1b7b2b9c19ac69" LANG="de" STYLEREFS="ts8" VPOS="1761" WIDTH="70"><Shape><Polygon POINTS="1500,1761 1569,1761 1569,1791 1500,1791"/></Shape></String></TextLine><TextLine HEIGHT="47" HPOS="817" ID="tl_25" LANG="de" VPOS="1818" WIDTH="753"><Shape><Polygon POINTS="817,1818 1569,1818 1569,1864 817,1864"/></Shape><String CONTENT="verloren" HEIGHT="32" HPOS="817" ID="w_w1aab1b7b2b9c21ab1" LANG="de" STYLEREFS="ts8" VPOS="1825" WIDTH="154"><Shape><Polygon POINTS="817,1825 970,1825 970,1856 817,1856"/></Shape></String><String CONTENT="gegangen" HEIGHT="35" HPOS="988" ID="w_w1aab1b7b2b9c21ac19" LANG="de" STYLEREFS="ts8" VPOS="1829" WIDTH="166"><Shape><Polygon POINTS="988,1829 1153,1829 1153,1863 988,1863"/></Shape></String><String CONTENT="seyn" HEIGHT="40" HPOS="1177" ID="w_w1aab1b7b2b9c21b1b1" LANG="en" STYLEREFS="ts8" VPOS="1820" WIDTH="80"><Shape><Polygon POINTS="1177,1820 1256,1820 1256,1859 1177,1859"/></Shape></String><String CONTENT="könne." HEIGHT="29" HPOS="1275" ID="w_w1aab1b7b2b9c21b2b1" LANG="de" STYLEREFS="ts8" VPOS="1820" WIDTH="121"><Shape><Polygon POINTS="1275,1820 1395,1820 1395,1848 1275,1848"/></Shape></String><String CONTENT="—" HEIGHT="7" HPOS="1412" ID="w_w1aab1b7b2b9c21b2c15" LANG="de" STYLEREFS="ts8" VPOS="1834" WIDTH="36"><Shape><Polygon POINTS="1412,1834 1447,1834 1447,1840 1412,1840"/></Shape></String><String CONTENT="Kurz," HEIGHT="36" HPOS="1465" ID="w_w1aab1b7b2b9c21b2c19" LANG="de" STYLEREFS="ts8" VPOS="1818" WIDTH="105"><Shape><Polygon POINTS="1465,1818 1569,1818 1569,1853 1465,1853"/></Shape></String></TextLine><TextLine HEIGHT="47" HPOS="817" ID="tl_26" LANG="de" STYLEREFS="ts8" VPOS="1873" WIDTH="752"><Shape><Polygon POINTS="817,1873 1568,1873 1568,1919 817,1919"/></Shape><String CONTENT="alle" HEIGHT="32" HPOS="817" ID="w_w1aab1b7b2b9c23ab1" LANG="de" STYLEREFS="ts8" VPOS="1882" WIDTH="63"><Shape><Polygon POINTS="817,1882 879,1882 879,1913 817,1913"/></Shape></String><String CONTENT="die" HEIGHT="30" HPOS="895" ID="w_w1aab1b7b2b9c23ac11" LANG="de" STYLEREFS="ts8" VPOS="1880" WIDTH="54"><Shape><Polygon POINTS="895,1880 948,1880 948,1909 895,1909"/></Shape></String><String CONTENT="angeführten" HEIGHT="44" HPOS="960" ID="w_w1aab1b7b2b9c23ac19" LANG="de" STYLEREFS="ts8" VPOS="1875" WIDTH="217"><Shape><Polygon POINTS="960,1875 1176,1875 1176,1918 960,1918"/></Shape></String><String CONTENT="Ausnahmen" HEIGHT="32" HPOS="1188" ID="w_w1aab1b7b2b9c23ac43" LANG="de" STYLEREFS="ts8" VPOS="1876" WIDTH="209"><Shape><Polygon POINTS="1188,1876 1396,1876 1396,1907 1188,1907"/></Shape></String><String CONTENT="bedürfen" HEIGHT="32" HPOS="1407" ID="w_w1aab1b7b2b9c23ac63" LANG="de" STYLEREFS="ts8" VPOS="1873" WIDTH="162"><Shape><Polygon POINTS="1407,1873 1568,1873 1568,1904 1407,1904"/></Shape></String></TextLine><TextLine HEIGHT="47" HPOS="817" ID="tl_27" LANG="de" STYLEREFS="ts8" VPOS="1930" WIDTH="752"><Shape><Polygon POINTS="817,1930 1568,1930 1568,1976 817,1976"/></Shape><String CONTENT="erst" HEIGHT="25" HPOS="817" ID="w_w1aab1b7b2b9c25ab1" LANG="de" STYLEREFS="ts8" VPOS="1945" WIDTH="68"><Shape><Polygon POINTS="817,1945 884,1945 884,1969 817,1969"/></Shape></String><String CONTENT="noch" HEIGHT="33" HPOS="898" ID="w_w1aab1b7b2b9c25ac11" LANG="de" STYLEREFS="ts8" VPOS="1936" WIDTH="86"><Shape><Polygon POINTS="898,1936 983,1936 983,1968 898,1968"/></Shape></String><String CONTENT="weiterer" HEIGHT="33" HPOS="993" ID="w_w1aab1b7b2b9c25ac21" LANG="de" STYLEREFS="ts8" VPOS="1932" WIDTH="151"><Shape><Polygon POINTS="993,1932 1143,1932 1143,1964 993,1964"/></Shape></String><String CONTENT="genauer" HEIGHT="33" HPOS="1158" ID="w_w1aab1b7b2b9c25ac39" LANG="de" STYLEREFS="ts8" VPOS="1942" WIDTH="141"><Shape><Polygon POINTS="1158,1942 1298,1942 1298,1974 1158,1974"/></Shape></String><String CONTENT="Untersuchung" HEIGHT="42" HPOS="1314" ID="w_w1aab1b7b2b9c25ac55" LANG="de" STYLEREFS="ts8" VPOS="1930" WIDTH="255"><Shape><Polygon POINTS="1314,1930 1568,1930 1568,1971 1314,1971"/></Shape></String></TextLine><TextLine HEIGHT="44" HPOS="813" ID="tl_28" LANG="de" STYLEREFS="ts8" VPOS="1987" WIDTH="755"><Shape><Polygon POINTS="813,1987 1567,1987 1567,2030 813,2030"/></Shape><String CONTENT="an" HEIGHT="24" HPOS="814" ID="w_w1aab1b7b2b9c27ab1" LANG="de" STYLEREFS="ts8" VPOS="2007" WIDTH="42"><Shape><Polygon POINTS="814,2007 855,2007 855,2030 814,2030"/></Shape></String><String CONTENT="mehrern" HEIGHT="31" HPOS="887" ID="w_w1aab1b7b2b9c27ab7" LANG="de" STYLEREFS="ts8" VPOS="1994" WIDTH="155"><Shape><Polygon POINTS="887,1994 1041,1994 1041,2024 887,2024"/></Shape></String><String CONTENT="recht" HEIGHT="31" HPOS="1067" ID="w_w1aab1b7b2b9c27ac23" LANG="de" STYLEREFS="ts8" VPOS="1990" WIDTH="91"><Shape><Polygon POINTS="1067,1990 1157,1990 1157,2020 1067,2020"/></Shape></String><String CONTENT="vollständigen" HEIGHT="39" HPOS="1188" ID="w_w1aab1b7b2b9c27ac35" LANG="de" STYLEREFS="ts8" VPOS="1988" WIDTH="241"><Shape><Polygon POINTS="1188,1988 1428,1988 1428,2026 1188,2026"/></Shape></String><String CONTENT="Exem-" HEIGHT="30" HPOS="1453" ID="w_w1aab1b7b2b9c27ac63" LANG="de" STYLEREFS="ts8" VPOS="1987" WIDTH="115"><Shape><Polygon POINTS="1453,1987 1567,1987 1567,2016 1453,2016"/></Shape></String></TextLine><TextLine HEIGHT="50" HPOS="813" ID="tl_29" LANG="de" STYLEREFS="ts8" VPOS="2044" WIDTH="756"><Shape><Polygon POINTS="813,2044 1568,2044 1568,2093 813,2093"/></Shape><String CONTENT="plaren" HEIGHT="40" HPOS="813" ID="w_w1aab1b7b2b9c29ab1" LANG="de" STYLEREFS="ts8" VPOS="2054" WIDTH="112"><Shape><Polygon POINTS="813,2054 924,2054 924,2093 813,2093"/></Shape></String><String CONTENT="aus" HEIGHT="22" HPOS="961" ID="w_w1aab1b7b2b9c29ac15" LANG="de" STYLEREFS="ts8" VPOS="2060" WIDTH="56"><Shape><Polygon POINTS="961,2060 1016,2060 1016,2081 961,2081"/></Shape></String><String CONTENT="verschiednen" HEIGHT="33" HPOS="1057" ID="w_w1aab1b7b2b9c29ac23" LANG="de" STYLEREFS="ts8" VPOS="2047" WIDTH="237"><Shape><Polygon POINTS="1057,2047 1293,2047 1293,2079 1057,2079"/></Shape></String><String CONTENT="Lebensperio-" HEIGHT="41" HPOS="1331" ID="w_w1aab1b7b2b9c29ac49" LANG="de" STYLEREFS="ts8" VPOS="2044" WIDTH="238"><Shape><Polygon POINTS="1331,2044 1568,2044 1568,2084 1331,2084"/></Shape></String></TextLine><TextLine HEIGHT="34" HPOS="806" ID="tl_30" LANG="de" VPOS="2108" WIDTH="212"><Shape><Polygon POINTS="806,2108 1017,2108 1017,2141 806,2141"/></Shape><String CONTENT="den" HEIGHT="31" HPOS="806" ID="w_w1aab1b7b2b9c31ab1" LANG="de" STYLEREFS="ts8" VPOS="2109" WIDTH="64"><Shape><Polygon POINTS="806,2109 869,2109 869,2139 806,2139"/></Shape></String><String CONTENT="u." HEIGHT="23" HPOS="887" ID="w_w1aab1b7b2b9c31b1b1" LANG="de" STYLEREFS="ts3" VPOS="2118" WIDTH="30"><Shape><Polygon POINTS="887,2118 916,2118 916,2140 887,2140"/></Shape></String><String CONTENT="s." HEIGHT="22" HPOS="933" ID="w_w1aab1b7b2b9c31b1b7" LANG="de" STYLEREFS="ts3" VPOS="2118" WIDTH="25"><Shape><Polygon POINTS="933,2118 957,2118 957,2139 933,2139"/></Shape></String><String CONTENT="w." HEIGHT="22" HPOS="975" ID="w_w1aab1b7b2b9c31b1c13" LANG="de" STYLEREFS="ts3" VPOS="2117" WIDTH="43"><Shape><Polygon POINTS="975,2117 1017,2117 1017,2138 975,2138"/></Shape></String></TextLine></TextBlock></PrintSpace></Page></Layout></alto>